<record><leader>00000cas a22000007a 4500</leader><controlfield tag="001">27953296</controlfield><controlfield tag="008">930420d18471848mauwr ne      0    0eng d</controlfield><datafield ind1=" " ind2=" " tag="010"><subfield code="a">sn 93058791 </subfield></datafield><datafield ind1=" " ind2=" " tag="040"><subfield code="a">MGN</subfield><subfield code="b">eng</subfield><subfield code="c">MGN</subfield><subfield code="d">OCLCG</subfield><subfield code="d">OCLCQ</subfield></datafield><datafield ind1=" " ind2=" " tag="042"><subfield code="a">msc</subfield></datafield><datafield ind1="0" ind2="4" tag="245"><subfield code="a">The Massachusetts cataract and temperance standard.</subfield></datafield><datafield ind1=" " ind2=" " tag="260"><subfield code="a">Worcester [Mass.] :</subfield><subfield code="b">Goodrich, Brown &amp; Co.</subfield></datafield><datafield ind1=" " ind2=" " tag="300"><subfield code="a">v.</subfield></datafield><datafield ind1=" " ind2=" " tag="310"><subfield code="a">Weekly</subfield></datafield><datafield ind1="0" ind2=" " tag="362"><subfield code="a">Vol. 5, no. 41 (Dec. 30, 1847)-v. 6, no. 23 (Aug. 24, 1848).</subfield></datafield><datafield ind1=" " ind2=" " tag="500"><subfield code="a">Published simultaneously at Boston.</subfield></datafield><datafield ind1=" " ind2=" " tag="500"><subfield code="a">Editor: Jesse W. Goodrich.</subfield></datafield><datafield ind1=" " ind2=" " tag="515"><subfield code="a">Vol. 5, no. 41 issued also in a variant edition dated Jan. 1, 1848.</subfield></datafield><datafield ind1="1" ind2=" " tag="700"><subfield code="a">Goodrich, Jesse W.</subfield><subfield code="q">(Jesse Williams),</subfield><subfield code="d">1803-1857.</subfield></datafield><datafield ind1=" " ind2=" " tag="752"><subfield code="a">United States</subfield><subfield code="b">Massachusetts</subfield><subfield code="c">Worcester</subfield><subfield code="d">Worcester.</subfield></datafield><datafield ind1=" " ind2=" " tag="752"><subfield code="a">United States</subfield><subfield code="b">Massachusetts</subfield><subfield code="c">Suffolk</subfield><subfield code="d">Boston.</subfield></datafield><datafield ind1="0" ind2="4" tag="780"><subfield code="t">Massachusetts cataract and Worcester County waterfall</subfield><subfield code="w">(DLC)sn 87080631</subfield></datafield><datafield ind1="0" ind2="4" tag="780"><subfield code="t">Massachusetts temperance standard</subfield><subfield code="w">(DLC)sn 93059394</subfield></datafield><datafield ind1="0" ind2="7" tag="785"><subfield code="t">Dew drop (Taunton, Mass.)</subfield></datafield><datafield ind1="0" ind2="7" tag="785"><subfield code="t">Massachusetts cataract, temperance standard and dew drop</subfield><subfield code="w">(DLC)sn 93058792</subfield></datafield><datafield ind1="1" ind2=" " tag="029"><subfield code="a">AU@</subfield><subfield code="b">000025856857</subfield></datafield></record>